@book{isermann:2005,
author = {Rolf Isermann},
title = {Fault-Diagnosis Systems: An Introduction from Fault Detection to Fault
         Tolerance},
publisher = {Springer-Verlag},
year = {2005}
}

@book{ogata:2003,
author = {Marco Antônio Ribeiro},
title = {Automação industrial},
publisher = {Tek Treinamento \& Consultoria},
year = {1999},
edition = {4}
}

@book{ribeiro:1999,
author = {Marco Antônio Ribeiro},
title = {Automação industrial},
publisher = {Tek Treinamento \& Consultoria},
year = {1999},
edition = {4}
}

@misc{goeking:2010,
title = {Da máquina a vapor aos softwares de automação},
howpublished = {Publicação online -- O Setor Elétrico/Memória da Eletricidade},
author = {Weruska Goeking},
month = {Maio},
year = {2010},
url = {http://www.osetoreletrico.com.br/web/automacao.html}
}
