@book{isermann:2005,
author = {Rolf Isermann},
title = {Fault-Diagnosis Systems: An Introduction from Fault Detection to Fault
         Tolerance},
publisher = {Springer-Verlag},
year = {2005}
}
